[gd_scene load_steps=11 format=2]

[ext_resource path="res://Actors/NiceCreature/Art/Gingerbread 230521.png" type="Texture" id=1]
[ext_resource path="res://Actors/NiceCreature/NiceCreature.cs" type="Script" id=2]

[sub_resource type="CircleShape2D" id=1]
radius = 25.9593

[sub_resource type="Animation" id=2]
resource_name = "Down"
length = 0.8
tracks/0/type = "value"
tracks/0/path = NodePath("Sprite:region_rect")
tracks/0/interp = 1
tracks/0/loop_wrap = true
tracks/0/imported = false
tracks/0/enabled = true
tracks/0/keys = {
"times": PoolRealArray( 0, 0.2, 0.4, 0.6 ),
"transitions": PoolRealArray( 1, 1, 1, 1 ),
"update": 1,
"values": [ Rect2( 726, 6, 166, 166 ), Rect2( 546, 6, 166, 166 ), Rect2( 906, 6, 166, 166 ), Rect2( 546, 6, 166, 166 ) ]
}
tracks/1/type = "value"
tracks/1/path = NodePath("Sprite:offset")
tracks/1/interp = 1
tracks/1/loop_wrap = true
tracks/1/imported = false
tracks/1/enabled = true
tracks/1/keys = {
"times": PoolRealArray( 0 ),
"transitions": PoolRealArray( 1 ),
"update": 0,
"values": [ Vector2( 1, 0 ) ]
}
tracks/2/type = "value"
tracks/2/path = NodePath("Sprite:flip_h")
tracks/2/interp = 1
tracks/2/loop_wrap = true
tracks/2/imported = false
tracks/2/enabled = true
tracks/2/keys = {
"times": PoolRealArray( 0 ),
"transitions": PoolRealArray( 1 ),
"update": 1,
"values": [ false ]
}

[sub_resource type="Animation" id=3]
resource_name = "Left"
length = 0.8
tracks/0/type = "value"
tracks/0/path = NodePath("Sprite:region_rect")
tracks/0/interp = 1
tracks/0/loop_wrap = true
tracks/0/imported = false
tracks/0/enabled = true
tracks/0/keys = {
"times": PoolRealArray( 0, 0.2, 0.4, 0.6 ),
"transitions": PoolRealArray( 1, 1, 1, 1 ),
"update": 1,
"values": [ Rect2( 1086, 6, 166, 166 ), Rect2( 1266, 6, 166, 166 ), Rect2( 1446, 6, 166, 166 ), Rect2( 1086, 6, 166, 166 ) ]
}
tracks/1/type = "value"
tracks/1/path = NodePath("Sprite:flip_h")
tracks/1/interp = 1
tracks/1/loop_wrap = true
tracks/1/imported = false
tracks/1/enabled = true
tracks/1/keys = {
"times": PoolRealArray( 0 ),
"transitions": PoolRealArray( 1 ),
"update": 1,
"values": [ true ]
}
tracks/2/type = "value"
tracks/2/path = NodePath("Sprite:offset")
tracks/2/interp = 1
tracks/2/loop_wrap = true
tracks/2/imported = false
tracks/2/enabled = true
tracks/2/keys = {
"times": PoolRealArray( 0 ),
"transitions": PoolRealArray( 1 ),
"update": 0,
"values": [ Vector2( -55, -10 ) ]
}

[sub_resource type="Animation" id=4]
resource_name = "Right"
length = 0.8
tracks/0/type = "value"
tracks/0/path = NodePath("Sprite:region_rect")
tracks/0/interp = 1
tracks/0/loop_wrap = true
tracks/0/imported = false
tracks/0/enabled = true
tracks/0/keys = {
"times": PoolRealArray( 0, 0.2, 0.4, 0.6 ),
"transitions": PoolRealArray( 1, 1, 1, 1 ),
"update": 1,
"values": [ Rect2( 1086, 6, 166, 166 ), Rect2( 1266, 6, 166, 166 ), Rect2( 1086, 6, 166, 166 ), Rect2( 1446, 6, 166, 166 ) ]
}
tracks/1/type = "value"
tracks/1/path = NodePath("Sprite:flip_h")
tracks/1/interp = 1
tracks/1/loop_wrap = true
tracks/1/imported = false
tracks/1/enabled = true
tracks/1/keys = {
"times": PoolRealArray( 0 ),
"transitions": PoolRealArray( 1 ),
"update": 1,
"values": [ false ]
}
tracks/2/type = "value"
tracks/2/path = NodePath("Sprite:offset")
tracks/2/interp = 1
tracks/2/loop_wrap = true
tracks/2/imported = false
tracks/2/enabled = true
tracks/2/keys = {
"times": PoolRealArray( 0 ),
"transitions": PoolRealArray( 1 ),
"update": 0,
"values": [ Vector2( 55, -10 ) ]
}

[sub_resource type="Animation" id=5]
resource_name = "Up"
length = 0.8
loop = true
tracks/0/type = "value"
tracks/0/path = NodePath("Sprite:region_rect")
tracks/0/interp = 1
tracks/0/loop_wrap = true
tracks/0/imported = false
tracks/0/enabled = true
tracks/0/keys = {
"times": PoolRealArray( 0, 0.2, 0.4, 0.6 ),
"transitions": PoolRealArray( 1, 1, 1, 1 ),
"update": 1,
"values": [ Rect2( 6, 6, 166, 166 ), Rect2( 186, 6, 166, 166 ), Rect2( 6, 6, 166, 166 ), Rect2( 366, 6, 166, 166 ) ]
}
tracks/1/type = "value"
tracks/1/path = NodePath("Sprite:offset")
tracks/1/interp = 1
tracks/1/loop_wrap = true
tracks/1/imported = false
tracks/1/enabled = true
tracks/1/keys = {
"times": PoolRealArray( 0 ),
"transitions": PoolRealArray( 1 ),
"update": 0,
"values": [ Vector2( 5, 0 ) ]
}
tracks/2/type = "value"
tracks/2/path = NodePath("Sprite:flip_h")
tracks/2/interp = 1
tracks/2/loop_wrap = true
tracks/2/imported = false
tracks/2/enabled = true
tracks/2/keys = {
"times": PoolRealArray( 0 ),
"transitions": PoolRealArray( 1 ),
"update": 1,
"values": [ false ]
}

[sub_resource type="Animation" id=6]
resource_name = "Escape"
tracks/0/type = "value"
tracks/0/path = NodePath("Sprite:scale")
tracks/0/interp = 1
tracks/0/loop_wrap = true
tracks/0/imported = false
tracks/0/enabled = true
tracks/0/keys = {
"times": PoolRealArray( 0, 0.9 ),
"transitions": PoolRealArray( 2, 1 ),
"update": 0,
"values": [ Vector2( 0.5, 0.5 ), Vector2( 0.6, 0.7 ) ]
}
tracks/1/type = "value"
tracks/1/path = NodePath("Sprite:position")
tracks/1/interp = 1
tracks/1/loop_wrap = true
tracks/1/imported = false
tracks/1/enabled = true
tracks/1/keys = {
"times": PoolRealArray( 0, 0.9 ),
"transitions": PoolRealArray( 2, 1 ),
"update": 0,
"values": [ Vector2( 0, 0 ), Vector2( 0, -25 ) ]
}
tracks/2/type = "value"
tracks/2/path = NodePath("Sprite:modulate")
tracks/2/interp = 1
tracks/2/loop_wrap = true
tracks/2/imported = false
tracks/2/enabled = true
tracks/2/keys = {
"times": PoolRealArray( 0, 1 ),
"transitions": PoolRealArray( 0.5, 1 ),
"update": 0,
"values": [ Color( 1, 1, 1, 1 ), Color( 1, 1, 1, 0 ) ]
}

[sub_resource type="Animation" id=7]
resource_name = "EvilEnd"
tracks/0/type = "value"
tracks/0/path = NodePath("Sprite:scale")
tracks/0/interp = 1
tracks/0/loop_wrap = true
tracks/0/imported = false
tracks/0/enabled = true
tracks/0/keys = {
"times": PoolRealArray( 0, 1 ),
"transitions": PoolRealArray( 0.5, 1 ),
"update": 0,
"values": [ Vector2( 0.5, 0.5 ), Vector2( 0, 0 ) ]
}
tracks/1/type = "value"
tracks/1/path = NodePath("Sprite:rotation_degrees")
tracks/1/interp = 1
tracks/1/loop_wrap = true
tracks/1/imported = false
tracks/1/enabled = true
tracks/1/keys = {
"times": PoolRealArray( 0, 0.5, 1 ),
"transitions": PoolRealArray( 1, 1, 1 ),
"update": 0,
"values": [ 0.0, 180.0, 360.0 ]
}

[sub_resource type="Animation" id=8]
resource_name = "Spawn"
length = 0.5
tracks/0/type = "value"
tracks/0/path = NodePath("Sprite:scale")
tracks/0/interp = 1
tracks/0/loop_wrap = true
tracks/0/imported = false
tracks/0/enabled = true
tracks/0/keys = {
"times": PoolRealArray( 0, 0.5 ),
"transitions": PoolRealArray( 4, 1 ),
"update": 0,
"values": [ Vector2( 0, 0 ), Vector2( 0.5, 0.5 ) ]
}

[node name="NiceCreature" type="KinematicBody2D"]
collision_layer = 4
script = ExtResource( 2 )

[node name="Sprite" type="Sprite" parent="."]
scale = Vector2( 0.5, 0.5 )
texture = ExtResource( 1 )
offset = Vector2( 5, 0 )
region_enabled = true
region_rect = Rect2( 6, 6, 166, 166 )

[node name="Shape" type="CollisionShape2D" parent="."]
position = Vector2( 0, 2.91504 )
shape = SubResource( 1 )

[node name="CollisionCooldown" type="Timer" parent="."]
wait_time = 0.5
one_shot = true

[node name="LockTimer1" type="Timer" parent="."]
wait_time = 0.1
one_shot = true

[node name="LockTimer2" type="Timer" parent="."]
wait_time = 0.1
one_shot = true

[node name="SoundPlayer" type="AudioStreamPlayer2D" parent="."]
volume_db = 10.0

[node name="AnimMove" type="AnimationPlayer" parent="."]
anims/Down = SubResource( 2 )
anims/Left = SubResource( 3 )
anims/Right = SubResource( 4 )
anims/Up = SubResource( 5 )

[node name="AnimSpawnFade" type="AnimationPlayer" parent="."]
anims/Escape = SubResource( 6 )
anims/EvilEnd = SubResource( 7 )
anims/Spawn = SubResource( 8 )

[connection signal="timeout" from="LockTimer1" to="." method="OnLockTimer1Timeout"]
[connection signal="timeout" from="LockTimer2" to="." method="OnLockTimer2Timeout"]
