[gd_resource type="TileSet" load_steps=104 format=2]

[ext_resource path="res://Stages/World/Tileset/final without pavement.png" type="Texture" id=1]

[sub_resource type="ConvexPolygonShape2D" id=1]
points = PoolVector2Array( 100, 57, 30, 57, 30, 33, 100, 33 )

[sub_resource type="ConvexPolygonShape2D" id=2]
points = PoolVector2Array( 31, 55, 56, 55, 56, 100, 31, 100 )

[sub_resource type="ConvexPolygonShape2D" id=3]
points = PoolVector2Array( 33, 0, 54, 0, 54, 100, 33, 100 )

[sub_resource type="ConvexPolygonShape2D" id=4]
points = PoolVector2Array( 33, 0, 55, 0, 58, 70, 33, 70 )

[sub_resource type="ConvexPolygonShape2D" id=5]
points = PoolVector2Array( 100, 71, 56, 71, 56, 46, 100, 46 )

[sub_resource type="ConvexPolygonShape2D" id=6]
points = PoolVector2Array( 100, 70, 0, 70, 0, 44, 100, 44 )

[sub_resource type="ConvexPolygonShape2D" id=7]
points = PoolVector2Array( 72, 71, 0, 71, 0, 43, 72, 43 )

[sub_resource type="ConvexPolygonShape2D" id=8]
points = PoolVector2Array( 70, 45, 44, 45, 44, 0, 70, 0 )

[sub_resource type="ConvexPolygonShape2D" id=9]
points = PoolVector2Array( 71, 100, 43, 100, 43, 0, 71, 0 )

[sub_resource type="ConvexPolygonShape2D" id=10]
points = PoolVector2Array( 73, 100, 42, 100, 42, 26, 73, 26 )

[sub_resource type="ConvexPolygonShape2D" id=11]
points = PoolVector2Array( 51, 54, 0, 54, 0, 27, 51, 27 )

[sub_resource type="ConvexPolygonShape2D" id=12]
points = PoolVector2Array( 100, 56, 0, 56, 0, 30, 100, 30 )

[sub_resource type="ConvexPolygonShape2D" id=13]
points = PoolVector2Array( 100, 68.5601, 47.2801, 68.5601, 47.2801, 48.4, 100, 48.4 )

[sub_resource type="ConvexPolygonShape2D" id=14]
points = PoolVector2Array( 44.4001, 62.8, 70.3201, 62.8, 70.3201, 100, 44.4001, 100 )

[sub_resource type="ConvexPolygonShape2D" id=15]
points = PoolVector2Array( 100, 56.4001, 44.4001, 56.4001, 44.4001, 31.92, 100, 31.92 )

[sub_resource type="ConvexPolygonShape2D" id=16]
points = PoolVector2Array( 44.4001, 0, 70.3201, 0, 70.3201, 39.1201, 44.4001, 39.1201 )

[sub_resource type="ConvexPolygonShape2D" id=17]
points = PoolVector2Array( 0, 46.96, 55.2801, 46.96, 55.2801, 70.0001, 0, 70.0001 )

[sub_resource type="ConvexPolygonShape2D" id=18]
points = PoolVector2Array( 32.2401, 65.6801, 53.8401, 65.6801, 53.8401, 100, 32.2401, 100 )

[sub_resource type="ConvexPolygonShape2D" id=19]
points = PoolVector2Array( 33.6801, 0, 52.4001, 0, 52.4001, 52.0801, 33.6801, 52.0801 )

[sub_resource type="ConvexPolygonShape2D" id=20]
points = PoolVector2Array( 0, 30.48, 38.0001, 30.48, 38.0001, 56.4001, 0, 56.4001 )

[sub_resource type="ConvexPolygonShape2D" id=21]
points = PoolVector2Array( 34.96, 0, 58.0001, 0, 58.0001, 51.28, 34.96, 51.28 )

[sub_resource type="ConvexPolygonShape2D" id=22]
points = PoolVector2Array( 30.6401, 48.4, 98.3201, 48.4, 98.3201, 70.0001, 30.6401, 70.0001 )

[sub_resource type="ConvexPolygonShape2D" id=23]
points = PoolVector2Array( 30.6401, 68.5601, 68.0801, 68.5601, 68.0801, 100, 30.6401, 100 )

[sub_resource type="ConvexPolygonShape2D" id=24]
points = PoolVector2Array( 30.6401, 28.88, 100, 28.88, 100, 69.2, 30.6401, 69.2 )

[sub_resource type="ConvexPolygonShape2D" id=25]
points = PoolVector2Array( 29.2001, 67.76, 73.84, 67.76, 73.84, 100, 29.2001, 100 )

[sub_resource type="ConvexPolygonShape2D" id=26]
points = PoolVector2Array( 32.0801, 0, 72.4001, 0, 72.4001, 49.2001, 32.0801, 49.2001 )

[sub_resource type="ConvexPolygonShape2D" id=27]
points = PoolVector2Array( 69.5201, 29.04, 100, 29.04, 100, 49.2001, 69.5201, 49.2001 )

[sub_resource type="ConvexPolygonShape2D" id=28]
points = PoolVector2Array( 34.96, 46.3201, 56.5601, 46.3201, 56.5601, 100, 34.96, 100 )

[sub_resource type="ConvexPolygonShape2D" id=29]
points = PoolVector2Array( 33.5201, 31.28, 100, 31.28, 100, 68.7201, 33.5201, 68.7201 )

[sub_resource type="ConvexPolygonShape2D" id=30]
points = PoolVector2Array( 30.6401, 0, 68.0801, 0, 68.0801, 44.2401, 30.6401, 44.2401 )

[sub_resource type="ConvexPolygonShape2D" id=31]
points = PoolVector2Array( 100, 50.48, 0, 50.48, 0, 28.88, 100, 28.88 )

[sub_resource type="ConvexPolygonShape2D" id=32]
points = PoolVector2Array( 70.3201, 100, 45.8401, 100, 45.8401, 49.04, 70.3201, 49.04 )

[sub_resource type="ConvexPolygonShape2D" id=33]
points = PoolVector2Array( 100, 69.2, 68.8801, 69.2, 68.8801, 49.04, 100, 49.04 )

[sub_resource type="ConvexPolygonShape2D" id=34]
points = PoolVector2Array( 0, 30.32, 100, 30.32, 100, 49.04, 0, 49.04 )

[sub_resource type="ConvexPolygonShape2D" id=35]
points = PoolVector2Array( 29.36, 46.16, 55.2801, 46.16, 55.2801, 100, 29.36, 100 )

[sub_resource type="ConvexPolygonShape2D" id=36]
points = PoolVector2Array( 0, 46.16, 33.6801, 46.16, 33.6801, 70.64, 0, 70.64 )

[sub_resource type="ConvexPolygonShape2D" id=37]
points = PoolVector2Array( 69.0401, 72.08, 0, 72.08, 0, 30.32, 69.0401, 30.32 )

[sub_resource type="ConvexPolygonShape2D" id=38]
points = PoolVector2Array( 30.1601, 66.3201, 70.4802, 66.3201, 70.4802, 100, 30.1601, 100 )

[sub_resource type="ConvexPolygonShape2D" id=39]
points = PoolVector2Array( 47.4401, 0, 70.4802, 0, 70.4802, 100, 47.4401, 100 )

[sub_resource type="ConvexPolygonShape2D" id=40]
points = PoolVector2Array( 31.6002, 44.0801, 48.8801, 44.0801, 48.8801, 100, 31.6002, 100 )

[sub_resource type="ConvexPolygonShape2D" id=41]
points = PoolVector2Array( 0, 45.52, 37.3602, 45.52, 37.3602, 70.0001, 0, 70.0001 )

[sub_resource type="ConvexPolygonShape2D" id=42]
points = PoolVector2Array( 44.5601, 0, 71.9201, 0, 71.9201, 100, 44.5601, 100 )

[sub_resource type="ConvexPolygonShape2D" id=43]
points = PoolVector2Array( 31.6002, 0, 46.0001, 0, 46.0001, 49.2001, 31.6002, 49.2001 )

[sub_resource type="ConvexPolygonShape2D" id=44]
points = PoolVector2Array( 0, 26.16, 35.9201, 26.16, 35.9201, 47.7601, 0, 47.7601 )

[sub_resource type="ConvexPolygonShape2D" id=45]
points = PoolVector2Array( 54.48, 71.6001, 0, 71.6001, 0, 45.6801, 54.48, 45.6801 )

[sub_resource type="ConvexPolygonShape2D" id=46]
points = PoolVector2Array( 48.7202, 31.28, 100, 31.28, 100, 73.04, 48.7202, 73.04 )

[sub_resource type="ConvexPolygonShape2D" id=47]
points = PoolVector2Array( 50.1601, 0, 70.3201, 0, 70.3201, 44.2401, 50.1601, 44.2401 )

[sub_resource type="ConvexPolygonShape2D" id=48]
points = PoolVector2Array( 46.6401, 47.1201, 100, 47.1201, 100, 70.16, 46.6401, 70.16 )

[sub_resource type="ConvexPolygonShape2D" id=49]
points = PoolVector2Array( 0, 29.8401, 52.4001, 29.8401, 52.4001, 70.16, 0, 70.16 )

[sub_resource type="ConvexPolygonShape2D" id=50]
points = PoolVector2Array( 30.8001, 0, 52.4001, 0, 52.4001, 44.2401, 30.8001, 44.2401 )

[sub_resource type="ConvexPolygonShape2D" id=51]
points = PoolVector2Array( 28.7202, 0, 71.9201, 0, 71.9201, 74.4801, 28.7202, 74.4801 )

[sub_resource type="ConvexPolygonShape2D" id=52]
points = PoolVector2Array( 0, 29.8401, 31.6002, 29.8401, 31.6002, 68.7201, 0, 68.7201 )

[sub_resource type="ConvexPolygonShape2D" id=53]
points = PoolVector2Array( 70.3201, 100, 54.48, 100, 54.48, 1.84009, 70.3201, 1.84009 )

[sub_resource type="ConvexPolygonShape2D" id=54]
points = PoolVector2Array( 66.0001, 27.7601, 100, 27.7601, 100, 72.4001, 66.0001, 72.4001 )

[sub_resource type="ConvexPolygonShape2D" id=55]
points = PoolVector2Array( 0, 29.2001, 33.6801, 29.2001, 33.6801, 72.4001, 0, 72.4001 )

[sub_resource type="ConvexPolygonShape2D" id=56]
points = PoolVector2Array( 30.8001, 0, 56.7202, 0, 56.7202, 100, 30.8001, 100 )

[sub_resource type="ConvexPolygonShape2D" id=57]
points = PoolVector2Array( 0, 44.0801, 100, 44.0801, 100, 71.4401, 0, 71.4401 )

[sub_resource type="ConvexPolygonShape2D" id=58]
points = PoolVector2Array( 28.0801, 64.2401, 69.8401, 64.2401, 69.8401, 100, 28.0801, 100 )

[sub_resource type="ConvexPolygonShape2D" id=59]
points = PoolVector2Array( 29.5201, 0, 72.7202, 0, 72.7202, 34.8, 29.5201, 34.8 )

[sub_resource type="ConvexPolygonShape2D" id=60]
points = PoolVector2Array( 3.60016, 26.16, 100, 26.16, 100, 50.6401, 3.60016, 50.6401 )

[sub_resource type="ConvexPolygonShape2D" id=61]
points = PoolVector2Array( 32.4001, 66.3201, 71.2801, 66.3201, 71.2801, 100, 32.4001, 100 )

[sub_resource type="ConvexPolygonShape2D" id=62]
points = PoolVector2Array( 0, 31.76, 100, 31.76, 100, 66.3201, 0, 66.3201 )

[sub_resource type="ConvexPolygonShape2D" id=63]
points = PoolVector2Array( 0, 29.8401, 100, 29.8401, 100, 68.7201, 0, 68.7201 )

[sub_resource type="ConvexPolygonShape2D" id=64]
points = PoolVector2Array( 30.9601, 0, 69.8401, 0, 69.8401, 34.16, 30.9601, 34.16 )

[sub_resource type="ConvexPolygonShape2D" id=65]
points = PoolVector2Array( 69.2001, 53.36, 46.1601, 53.36, 46.1601, 0, 69.2001, 0 )

[sub_resource type="ConvexPolygonShape2D" id=66]
points = PoolVector2Array( 63.4401, 28.88, 100, 28.88, 100, 47.6, 63.4401, 47.6 )

[sub_resource type="ConvexPolygonShape2D" id=67]
points = PoolVector2Array( 0, 44.72, 56.2402, 44.72, 56.2402, 69.2, 0, 69.2 )

[sub_resource type="ConvexPolygonShape2D" id=68]
points = PoolVector2Array( 33.2001, 62.0001, 57.6801, 62.0001, 57.6801, 100, 33.2001, 100 )

[sub_resource type="ConvexPolygonShape2D" id=69]
points = PoolVector2Array( 41.8401, 46.96, 100, 46.96, 100, 68.5601, 41.8401, 68.5601 )

[sub_resource type="ConvexPolygonShape2D" id=70]
points = PoolVector2Array( 40.4001, 61.36, 70.6402, 61.36, 70.6402, 100, 40.4001, 100 )

[sub_resource type="ConvexPolygonShape2D" id=71]
points = PoolVector2Array( 0, 35.4401, 53.3602, 35.4401, 53.3602, 46.96, 0, 46.96 )

[sub_resource type="ConvexPolygonShape2D" id=72]
points = PoolVector2Array( 28.8802, 0, 54.8001, 0, 54.8001, 45.52, 28.8802, 45.52 )

[sub_resource type="ConvexPolygonShape2D" id=73]
points = PoolVector2Array( 30.3201, 0, 57.6801, 0, 57.6801, 100, 30.3201, 100 )

[sub_resource type="ConvexPolygonShape2D" id=74]
points = PoolVector2Array( 57.6801, 33.36, 100, 33.36, 100, 47.7601, 57.6801, 47.7601 )

[sub_resource type="ConvexPolygonShape2D" id=75]
points = PoolVector2Array( 0, 29.04, 37.5202, 29.04, 37.5202, 72.2401, 0, 72.2401 )

[sub_resource type="ConvexPolygonShape2D" id=76]
points = PoolVector2Array( 33.2001, 0, 56.2402, 0, 56.2402, 100, 33.2001, 100 )

[sub_resource type="ConvexPolygonShape2D" id=77]
points = PoolVector2Array( 0, 29.8401, 38.9601, 29.8401, 38.9601, 68.7201, 0, 68.7201 )

[sub_resource type="ConvexPolygonShape2D" id=78]
points = PoolVector2Array( 51.9201, 51.4401, 100, 51.4401, 100, 70.16, 51.9201, 70.16 )

[sub_resource type="ConvexPolygonShape2D" id=79]
points = PoolVector2Array( 51.9201, 67.28, 72.0801, 67.28, 72.0801, 100, 51.9201, 100 )

[sub_resource type="ConvexPolygonShape2D" id=80]
points = PoolVector2Array( 29.6802, 0, 77.2002, 0, 77.2002, 30.48, 29.6802, 30.48 )

[sub_resource type="ConvexPolygonShape2D" id=81]
points = PoolVector2Array( 68.5601, 34.8, 100, 34.8, 100, 67.92, 68.5601, 67.92 )

[sub_resource type="ConvexPolygonShape2D" id=82]
points = PoolVector2Array( 45.5203, 29.04, 72.8801, 29.04, 72.8801, 100, 45.5203, 100 )

[sub_resource type="ConvexPolygonShape2D" id=83]
points = PoolVector2Array( 0, 30.48, 48.4001, 30.48, 48.4001, 53.5201, 0, 53.5201 )

[sub_resource type="ConvexPolygonShape2D" id=84]
points = PoolVector2Array( 70.0002, 100, 51.2803, 100, 51.2803, 0, 70.0002, 0 )

[sub_resource type="ConvexPolygonShape2D" id=85]
points = PoolVector2Array( 64.2402, 29.8401, 100, 29.8401, 100, 68.7201, 64.2402, 68.7201 )

[sub_resource type="ConvexPolygonShape2D" id=86]
points = PoolVector2Array( 0, 47.1201, 55.6001, 47.1201, 55.6001, 70.16, 0, 70.16 )

[sub_resource type="ConvexPolygonShape2D" id=87]
points = PoolVector2Array( 35.4402, 64.4, 55.6001, 64.4, 55.6001, 100, 35.4402, 100 )

[sub_resource type="ConvexPolygonShape2D" id=88]
points = PoolVector2Array( 0, 31.76, 100, 31.76, 100, 57.6801, 0, 57.6801 )

[sub_resource type="ConvexPolygonShape2D" id=89]
points = PoolVector2Array( 100, 53.36, 0, 56.2401, 0, 27.4401, 100, 27.4401 )

[sub_resource type="ConvexPolygonShape2D" id=90]
points = PoolVector2Array( 100, 55.6, 0, 55.6, 0, 32.5601, 100, 32.5601 )

[sub_resource type="ConvexPolygonShape2D" id=91]
points = PoolVector2Array( 26.9602, 31.92, 100, 31.92, 100, 52.0801, 26.9602, 52.0801 )

[sub_resource type="ConvexPolygonShape2D" id=92]
points = PoolVector2Array( 32.7202, 46.3201, 55.7603, 46.3201, 55.7603, 100, 32.7202, 100 )

[sub_resource type="ConvexPolygonShape2D" id=93]
points = PoolVector2Array( 29.8401, 0, 57.2002, 0, 55.7603, 100, 29.8401, 100 )

[sub_resource type="ConvexPolygonShape2D" id=94]
points = PoolVector2Array( 34.1602, 0.400024, 57.2002, 0, 57.2002, 68.0801, 34.1602, 68.0801 )

[sub_resource type="ConvexPolygonShape2D" id=95]
points = PoolVector2Array( 39.9202, 39.28, 100, 39.28, 100, 70.9601, 39.9202, 70.9601 )

[sub_resource type="ConvexPolygonShape2D" id=96]
points = PoolVector2Array( 0, 29.04, 100, 29.04, 100, 52.0801, 0, 52.0801 )

[sub_resource type="ConvexPolygonShape2D" id=97]
points = PoolVector2Array( 0, 33.36, 67.4402, 33.36, 67.4402, 53.5201, 0, 53.5201 )

[sub_resource type="ConvexPolygonShape2D" id=98]
points = PoolVector2Array( 42.9602, 46.3201, 73.2002, 46.3201, 73.2002, 100, 42.9602, 100 )

[sub_resource type="ConvexPolygonShape2D" id=99]
points = PoolVector2Array( 44.4001, 0, 70.3203, 0, 70.3203, 100, 44.4001, 100 )

[sub_resource type="ConvexPolygonShape2D" id=100]
points = PoolVector2Array( 45.8403, 0, 70.3203, 0, 70.3203, 68.0801, 45.8403, 68.0801 )

[sub_resource type="ConvexPolygonShape2D" id=101]
points = PoolVector2Array( 0, 43.6001, 53.0403, 43.6001, 53.0403, 70.9601, 0, 70.9601 )

[sub_resource type="ConvexPolygonShape2D" id=102]
points = PoolVector2Array( 0, 42.16, 100, 46.4801, 100, 66.6401, 0, 66.6401 )

[resource]
0/name = "GWJ BUBBLES tileset v0.8.png 0"
0/texture = ExtResource( 1 )
0/tex_offset = Vector2( 0, 0 )
0/modulate = Color( 1, 1, 1, 1 )
0/region = Rect2( 1000, 0, 100, 100 )
0/tile_mode = 0
0/occluder_offset = Vector2( 0, 0 )
0/navigation_offset = Vector2( 0, 0 )
0/shape_offset = Vector2( 0, 0 )
0/shape_transform = Transform2D( 1, 0, 0, 1, 0, 0 )
0/shape_one_way = false
0/shape_one_way_margin = 0.0
0/shapes = [  ]
0/z_index = 0
1/name = "GWJ BUBBLES tileset v0.8.png 1"
1/texture = ExtResource( 1 )
1/tex_offset = Vector2( 0, 0 )
1/modulate = Color( 1, 1, 1, 1 )
1/region = Rect2( 1100, 0, 100, 100 )
1/tile_mode = 2
1/autotile/icon_coordinate = Vector2( 0, 0 )
1/autotile/tile_size = Vector2( 100, 100 )
1/autotile/spacing = 0
1/autotile/occluder_map = [  ]
1/autotile/navpoly_map = [  ]
1/autotile/priority_map = [  ]
1/autotile/z_index_map = [  ]
1/occluder_offset = Vector2( 0, 0 )
1/navigation_offset = Vector2( 0, 0 )
1/shape_offset = Vector2( 0, 0 )
1/shape_transform = Transform2D( 1, 0, 0, 1, 0, 0 )
1/shape_one_way = false
1/shape_one_way_margin = 0.0
1/shapes = [  ]
1/z_index = 0
2/name = "GWJ BUBBLES tileset v0.8.png 2"
2/texture = ExtResource( 1 )
2/tex_offset = Vector2( 0, 0 )
2/modulate = Color( 1, 1, 1, 1 )
2/region = Rect2( 1100, 100, 100, 100 )
2/tile_mode = 2
2/autotile/icon_coordinate = Vector2( 0, 0 )
2/autotile/tile_size = Vector2( 100, 100 )
2/autotile/spacing = 0
2/autotile/occluder_map = [  ]
2/autotile/navpoly_map = [  ]
2/autotile/priority_map = [  ]
2/autotile/z_index_map = [  ]
2/occluder_offset = Vector2( 0, 0 )
2/navigation_offset = Vector2( 0, 0 )
2/shape_offset = Vector2( 0, 0 )
2/shape_transform = Transform2D( 1, 0, 0, 1, 0, 0 )
2/shape_one_way = false
2/shape_one_way_margin = 0.0
2/shapes = [  ]
2/z_index = 0
3/name = "GWJ BUBBLES tileset v0.8.png 3"
3/texture = ExtResource( 1 )
3/tex_offset = Vector2( 0, 0 )
3/modulate = Color( 1, 1, 1, 1 )
3/region = Rect2( 1000, 100, 100, 100 )
3/tile_mode = 2
3/autotile/icon_coordinate = Vector2( 0, 0 )
3/autotile/tile_size = Vector2( 100, 100 )
3/autotile/spacing = 0
3/autotile/occluder_map = [  ]
3/autotile/navpoly_map = [  ]
3/autotile/priority_map = [  ]
3/autotile/z_index_map = [  ]
3/occluder_offset = Vector2( 0, 0 )
3/navigation_offset = Vector2( 0, 0 )
3/shape_offset = Vector2( 0, 0 )
3/shape_transform = Transform2D( 1, 0, 0, 1, 0, 0 )
3/shape_one_way = false
3/shape_one_way_margin = 0.0
3/shapes = [  ]
3/z_index = 0
4/name = "GWJ BUBBLES tileset v0.8.png 4"
4/texture = ExtResource( 1 )
4/tex_offset = Vector2( 0, 0 )
4/modulate = Color( 1, 1, 1, 1 )
4/region = Rect2( 1200, 0, 100, 100 )
4/tile_mode = 2
4/autotile/icon_coordinate = Vector2( 0, 0 )
4/autotile/tile_size = Vector2( 100, 100 )
4/autotile/spacing = 0
4/autotile/occluder_map = [  ]
4/autotile/navpoly_map = [  ]
4/autotile/priority_map = [  ]
4/autotile/z_index_map = [  ]
4/occluder_offset = Vector2( 0, 0 )
4/navigation_offset = Vector2( 0, 0 )
4/shape_offset = Vector2( 0, 0 )
4/shape_transform = Transform2D( 1, 0, 0, 1, 0, 0 )
4/shape_one_way = false
4/shape_one_way_margin = 0.0
4/shapes = [  ]
4/z_index = 0
5/name = "GWJ BUBBLES tileset v0.8.png 5"
5/texture = ExtResource( 1 )
5/tex_offset = Vector2( 0, 0 )
5/modulate = Color( 1, 1, 1, 1 )
5/region = Rect2( 1200, 100, 100, 100 )
5/tile_mode = 2
5/autotile/icon_coordinate = Vector2( 0, 0 )
5/autotile/tile_size = Vector2( 100, 100 )
5/autotile/spacing = 0
5/autotile/occluder_map = [  ]
5/autotile/navpoly_map = [  ]
5/autotile/priority_map = [  ]
5/autotile/z_index_map = [  ]
5/occluder_offset = Vector2( 0, 0 )
5/navigation_offset = Vector2( 0, 0 )
5/shape_offset = Vector2( 0, 0 )
5/shape_transform = Transform2D( 1, 0, 0, 1, 0, 0 )
5/shape_one_way = false
5/shape_one_way_margin = 0.0
5/shapes = [  ]
5/z_index = 0
6/name = "GWJ BUBBLES tileset v0.8.png 6"
6/texture = ExtResource( 1 )
6/tex_offset = Vector2( 0, 0 )
6/modulate = Color( 1, 1, 1, 1 )
6/region = Rect2( 0, 0, 1500, 500 )
6/tile_mode = 1
6/autotile/bitmask_mode = 1
6/autotile/bitmask_flags = [ Vector2( 0, 0 ), 432, Vector2( 0, 1 ), 438, Vector2( 0, 2 ), 54, Vector2( 0, 3 ), 48, Vector2( 1, 0 ), 504, Vector2( 1, 1 ), 511, Vector2( 1, 2 ), 63, Vector2( 1, 3 ), 56, Vector2( 2, 0 ), 216, Vector2( 2, 1 ), 219, Vector2( 2, 2 ), 27, Vector2( 2, 3 ), 24, Vector2( 3, 0 ), 144, Vector2( 3, 1 ), 146, Vector2( 3, 2 ), 18, Vector2( 3, 3 ), 16, Vector2( 4, 0 ), 176, Vector2( 4, 1 ), 182, Vector2( 4, 2 ), 434, Vector2( 4, 3 ), 50, Vector2( 4, 4 ), 178, Vector2( 5, 0 ), 248, Vector2( 5, 1 ), 255, Vector2( 5, 2 ), 507, Vector2( 5, 3 ), 59, Vector2( 5, 4 ), 251, Vector2( 6, 0 ), 440, Vector2( 6, 1 ), 447, Vector2( 6, 2 ), 510, Vector2( 6, 3 ), 62, Vector2( 6, 4 ), 446, Vector2( 7, 0 ), 152, Vector2( 7, 1 ), 155, Vector2( 7, 2 ), 218, Vector2( 7, 3 ), 26, Vector2( 7, 4 ), 154, Vector2( 8, 0 ), 184, Vector2( 8, 1 ), 191, Vector2( 8, 2 ), 506, Vector2( 8, 3 ), 58, Vector2( 8, 4 ), 186, Vector2( 9, 0 ), 443, Vector2( 9, 1 ), 254, Vector2( 9, 2 ), 442, Vector2( 9, 3 ), 190, Vector2( 10, 2 ), 250, Vector2( 10, 3 ), 187, Vector2( 12, 2 ), 432, Vector2( 12, 3 ), 438, Vector2( 12, 4 ), 54, Vector2( 13, 2 ), 504, Vector2( 13, 3 ), 511, Vector2( 13, 4 ), 63, Vector2( 14, 2 ), 216, Vector2( 14, 3 ), 219, Vector2( 14, 4 ), 27 ]
6/autotile/icon_coordinate = Vector2( 0, 0 )
6/autotile/tile_size = Vector2( 100, 100 )
6/autotile/spacing = 0
6/autotile/occluder_map = [  ]
6/autotile/navpoly_map = [  ]
6/autotile/priority_map = [ Vector3( 1, 1, 9 ), Vector3( 1, 2, 3 ), Vector3( 12, 2, 2 ), Vector3( 12, 4, 2 ) ]
6/autotile/z_index_map = [  ]
6/occluder_offset = Vector2( 0, 0 )
6/navigation_offset = Vector2( 0, 0 )
6/shape_offset = Vector2( 0, 0 )
6/shape_transform = Transform2D( 1, 0, 0, 1, 0, 0 )
6/shape = SubResource( 1 )
6/shape_one_way = false
6/shape_one_way_margin = 1.0
6/shapes = [ {
"autotile_coord": Vector2( 0, 0 ),
"one_way": false,
"one_way_margin": 1.0,
"shape": SubResource( 1 ),
"shape_transform": Transform2D( 1, 0, 0, 1, 0, 0 )
}, {
"autotile_coord": Vector2( 0, 0 ),
"one_way": false,
"one_way_margin": 1.0,
"shape": SubResource( 2 ),
"shape_transform": Transform2D( 1, 0, 0, 1, 0, 0 )
}, {
"autotile_coord": Vector2( 0, 1 ),
"one_way": false,
"one_way_margin": 1.0,
"shape": SubResource( 3 ),
"shape_transform": Transform2D( 1, 0, 0, 1, 0, 0 )
}, {
"autotile_coord": Vector2( 0, 2 ),
"one_way": false,
"one_way_margin": 1.0,
"shape": SubResource( 4 ),
"shape_transform": Transform2D( 1, 0, 0, 1, 0, 0 )
}, {
"autotile_coord": Vector2( 0, 2 ),
"one_way": false,
"one_way_margin": 1.0,
"shape": SubResource( 5 ),
"shape_transform": Transform2D( 1, 0, 0, 1, 0, 0 )
}, {
"autotile_coord": Vector2( 1, 2 ),
"one_way": false,
"one_way_margin": 1.0,
"shape": SubResource( 6 ),
"shape_transform": Transform2D( 1, 0, 0, 1, 0, 0 )
}, {
"autotile_coord": Vector2( 2, 2 ),
"one_way": false,
"one_way_margin": 1.0,
"shape": SubResource( 7 ),
"shape_transform": Transform2D( 1, 0, 0, 1, 0, 0 )
}, {
"autotile_coord": Vector2( 2, 2 ),
"one_way": false,
"one_way_margin": 1.0,
"shape": SubResource( 8 ),
"shape_transform": Transform2D( 1, 0, 0, 1, 0, 0 )
}, {
"autotile_coord": Vector2( 2, 1 ),
"one_way": false,
"one_way_margin": 1.0,
"shape": SubResource( 9 ),
"shape_transform": Transform2D( 1, 0, 0, 1, 0, 0 )
}, {
"autotile_coord": Vector2( 2, 0 ),
"one_way": false,
"one_way_margin": 1.0,
"shape": SubResource( 10 ),
"shape_transform": Transform2D( 1, 0, 0, 1, 0, 0 )
}, {
"autotile_coord": Vector2( 2, 0 ),
"one_way": false,
"one_way_margin": 1.0,
"shape": SubResource( 11 ),
"shape_transform": Transform2D( 1, 0, 0, 1, 0, 0 )
}, {
"autotile_coord": Vector2( 1, 0 ),
"one_way": false,
"one_way_margin": 1.0,
"shape": SubResource( 12 ),
"shape_transform": Transform2D( 1, 0, 0, 1, 0, 0 )
}, {
"autotile_coord": Vector2( 5, 1 ),
"one_way": false,
"one_way_margin": 1.0,
"shape": SubResource( 13 ),
"shape_transform": Transform2D( 1, 0, 0, 1, 0, 0 )
}, {
"autotile_coord": Vector2( 5, 1 ),
"one_way": false,
"one_way_margin": 1.0,
"shape": SubResource( 14 ),
"shape_transform": Transform2D( 1, 0, 0, 1, 0, 0 )
}, {
"autotile_coord": Vector2( 5, 2 ),
"one_way": false,
"one_way_margin": 1.0,
"shape": SubResource( 15 ),
"shape_transform": Transform2D( 1, 0, 0, 1, 0, 0 )
}, {
"autotile_coord": Vector2( 5, 2 ),
"one_way": false,
"one_way_margin": 1.0,
"shape": SubResource( 16 ),
"shape_transform": Transform2D( 1, 0, 0, 1, 0, 0 )
}, {
"autotile_coord": Vector2( 6, 1 ),
"one_way": false,
"one_way_margin": 1.0,
"shape": SubResource( 17 ),
"shape_transform": Transform2D( 1, 0, 0, 1, 0, 0 )
}, {
"autotile_coord": Vector2( 6, 1 ),
"one_way": false,
"one_way_margin": 1.0,
"shape": SubResource( 18 ),
"shape_transform": Transform2D( 1, 0, 0, 1, 0, 0 )
}, {
"autotile_coord": Vector2( 6, 2 ),
"one_way": false,
"one_way_margin": 1.0,
"shape": SubResource( 19 ),
"shape_transform": Transform2D( 1, 0, 0, 1, 0, 0 )
}, {
"autotile_coord": Vector2( 6, 2 ),
"one_way": false,
"one_way_margin": 1.0,
"shape": SubResource( 20 ),
"shape_transform": Transform2D( 1, 0, 0, 1, 0, 0 )
}, {
"autotile_coord": Vector2( 4, 1 ),
"one_way": false,
"one_way_margin": 1.0,
"shape": SubResource( 21 ),
"shape_transform": Transform2D( 1, 0, 0, 1, 0, 0 )
}, {
"autotile_coord": Vector2( 4, 1 ),
"one_way": false,
"one_way_margin": 1.0,
"shape": SubResource( 22 ),
"shape_transform": Transform2D( 1, 0, 0, 1, 0, 0 )
}, {
"autotile_coord": Vector2( 4, 1 ),
"one_way": false,
"one_way_margin": 1.0,
"shape": SubResource( 23 ),
"shape_transform": Transform2D( 1, 0, 0, 1, 0, 0 )
}, {
"autotile_coord": Vector2( 4, 0 ),
"one_way": false,
"one_way_margin": 1.0,
"shape": SubResource( 24 ),
"shape_transform": Transform2D( 1, 0, 0, 1, 0, 0 )
}, {
"autotile_coord": Vector2( 4, 0 ),
"one_way": false,
"one_way_margin": 1.0,
"shape": SubResource( 25 ),
"shape_transform": Transform2D( 1, 0, 0, 1, 0, 0 )
}, {
"autotile_coord": Vector2( 4, 2 ),
"one_way": false,
"one_way_margin": 1.0,
"shape": SubResource( 26 ),
"shape_transform": Transform2D( 1, 0, 0, 1, 0, 0 )
}, {
"autotile_coord": Vector2( 4, 2 ),
"one_way": false,
"one_way_margin": 1.0,
"shape": SubResource( 27 ),
"shape_transform": Transform2D( 1, 0, 0, 1, 0, 0 )
}, {
"autotile_coord": Vector2( 4, 2 ),
"one_way": false,
"one_way_margin": 1.0,
"shape": SubResource( 28 ),
"shape_transform": Transform2D( 1, 0, 0, 1, 0, 0 )
}, {
"autotile_coord": Vector2( 4, 3 ),
"one_way": false,
"one_way_margin": 1.0,
"shape": SubResource( 29 ),
"shape_transform": Transform2D( 1, 0, 0, 1, 0, 0 )
}, {
"autotile_coord": Vector2( 4, 3 ),
"one_way": false,
"one_way_margin": 1.0,
"shape": SubResource( 30 ),
"shape_transform": Transform2D( 1, 0, 0, 1, 0, 0 )
}, {
"autotile_coord": Vector2( 5, 0 ),
"one_way": false,
"one_way_margin": 1.0,
"shape": SubResource( 31 ),
"shape_transform": Transform2D( 1, 0, 0, 1, 0, 0 )
}, {
"autotile_coord": Vector2( 5, 0 ),
"one_way": false,
"one_way_margin": 1.0,
"shape": SubResource( 32 ),
"shape_transform": Transform2D( 1, 0, 0, 1, 0, 0 )
}, {
"autotile_coord": Vector2( 5, 0 ),
"one_way": false,
"one_way_margin": 1.0,
"shape": SubResource( 33 ),
"shape_transform": Transform2D( 1, 0, 0, 1, 0, 0 )
}, {
"autotile_coord": Vector2( 6, 0 ),
"one_way": false,
"one_way_margin": 1.0,
"shape": SubResource( 34 ),
"shape_transform": Transform2D( 1, 0, 0, 1, 0, 0 )
}, {
"autotile_coord": Vector2( 6, 0 ),
"one_way": false,
"one_way_margin": 1.0,
"shape": SubResource( 35 ),
"shape_transform": Transform2D( 1, 0, 0, 1, 0, 0 )
}, {
"autotile_coord": Vector2( 6, 0 ),
"one_way": false,
"one_way_margin": 1.0,
"shape": SubResource( 36 ),
"shape_transform": Transform2D( 1, 0, 0, 1, 0, 0 )
}, {
"autotile_coord": Vector2( 7, 0 ),
"one_way": false,
"one_way_margin": 1.0,
"shape": SubResource( 37 ),
"shape_transform": Transform2D( 1, 0, 0, 1, 0, 0 )
}, {
"autotile_coord": Vector2( 7, 0 ),
"one_way": false,
"one_way_margin": 1.0,
"shape": SubResource( 38 ),
"shape_transform": Transform2D( 1, 0, 0, 1, 0, 0 )
}, {
"autotile_coord": Vector2( 7, 1 ),
"one_way": false,
"one_way_margin": 1.0,
"shape": SubResource( 39 ),
"shape_transform": Transform2D( 1, 0, 0, 1, 0, 0 )
}, {
"autotile_coord": Vector2( 7, 1 ),
"one_way": false,
"one_way_margin": 1.0,
"shape": SubResource( 40 ),
"shape_transform": Transform2D( 1, 0, 0, 1, 0, 0 )
}, {
"autotile_coord": Vector2( 7, 1 ),
"one_way": false,
"one_way_margin": 1.0,
"shape": SubResource( 41 ),
"shape_transform": Transform2D( 1, 0, 0, 1, 0, 0 )
}, {
"autotile_coord": Vector2( 7, 2 ),
"one_way": false,
"one_way_margin": 1.0,
"shape": SubResource( 42 ),
"shape_transform": Transform2D( 1, 0, 0, 1, 0, 0 )
}, {
"autotile_coord": Vector2( 7, 2 ),
"one_way": false,
"one_way_margin": 1.0,
"shape": SubResource( 43 ),
"shape_transform": Transform2D( 1, 0, 0, 1, 0, 0 )
}, {
"autotile_coord": Vector2( 7, 2 ),
"one_way": false,
"one_way_margin": 1.0,
"shape": SubResource( 44 ),
"shape_transform": Transform2D( 1, 0, 0, 1, 0, 0 )
}, {
"autotile_coord": Vector2( 5, 3 ),
"one_way": false,
"one_way_margin": 1.0,
"shape": SubResource( 45 ),
"shape_transform": Transform2D( 1, 0, 0, 1, 0, 0 )
}, {
"autotile_coord": Vector2( 5, 3 ),
"one_way": false,
"one_way_margin": 1.0,
"shape": SubResource( 46 ),
"shape_transform": Transform2D( 1, 0, 0, 1, 0, 0 )
}, {
"autotile_coord": Vector2( 5, 3 ),
"one_way": false,
"one_way_margin": 1.0,
"shape": SubResource( 47 ),
"shape_transform": Transform2D( 1, 0, 0, 1, 0, 0 )
}, {
"autotile_coord": Vector2( 6, 3 ),
"one_way": false,
"one_way_margin": 1.0,
"shape": SubResource( 48 ),
"shape_transform": Transform2D( 1, 0, 0, 1, 0, 0 )
}, {
"autotile_coord": Vector2( 6, 3 ),
"one_way": false,
"one_way_margin": 1.0,
"shape": SubResource( 49 ),
"shape_transform": Transform2D( 1, 0, 0, 1, 0, 0 )
}, {
"autotile_coord": Vector2( 6, 3 ),
"one_way": false,
"one_way_margin": 1.0,
"shape": SubResource( 50 ),
"shape_transform": Transform2D( 1, 0, 0, 1, 0, 0 )
}, {
"autotile_coord": Vector2( 7, 3 ),
"one_way": false,
"one_way_margin": 1.0,
"shape": SubResource( 51 ),
"shape_transform": Transform2D( 1, 0, 0, 1, 0, 0 )
}, {
"autotile_coord": Vector2( 7, 3 ),
"one_way": false,
"one_way_margin": 1.0,
"shape": SubResource( 52 ),
"shape_transform": Transform2D( 1, 0, 0, 1, 0, 0 )
}, {
"autotile_coord": Vector2( 5, 4 ),
"one_way": false,
"one_way_margin": 1.0,
"shape": SubResource( 53 ),
"shape_transform": Transform2D( 1, 0, 0, 1, 0, 0 )
}, {
"autotile_coord": Vector2( 5, 4 ),
"one_way": false,
"one_way_margin": 1.0,
"shape": SubResource( 54 ),
"shape_transform": Transform2D( 1, 0, 0, 1, 0, 0 )
}, {
"autotile_coord": Vector2( 6, 4 ),
"one_way": false,
"one_way_margin": 1.0,
"shape": SubResource( 55 ),
"shape_transform": Transform2D( 1, 0, 0, 1, 0, 0 )
}, {
"autotile_coord": Vector2( 6, 4 ),
"one_way": false,
"one_way_margin": 1.0,
"shape": SubResource( 56 ),
"shape_transform": Transform2D( 1, 0, 0, 1, 0, 0 )
}, {
"autotile_coord": Vector2( 8, 1 ),
"one_way": false,
"one_way_margin": 1.0,
"shape": SubResource( 57 ),
"shape_transform": Transform2D( 1, 0, 0, 1, 0, 0 )
}, {
"autotile_coord": Vector2( 8, 1 ),
"one_way": false,
"one_way_margin": 1.0,
"shape": SubResource( 58 ),
"shape_transform": Transform2D( 1, 0, 0, 1, 0, 0 )
}, {
"autotile_coord": Vector2( 8, 2 ),
"one_way": false,
"one_way_margin": 1.0,
"shape": SubResource( 59 ),
"shape_transform": Transform2D( 1, 0, 0, 1, 0, 0 )
}, {
"autotile_coord": Vector2( 8, 2 ),
"one_way": false,
"one_way_margin": 1.0,
"shape": SubResource( 60 ),
"shape_transform": Transform2D( 1, 0, 0, 1, 0, 0 )
}, {
"autotile_coord": Vector2( 8, 0 ),
"one_way": false,
"one_way_margin": 1.0,
"shape": SubResource( 61 ),
"shape_transform": Transform2D( 1, 0, 0, 1, 0, 0 )
}, {
"autotile_coord": Vector2( 8, 0 ),
"one_way": false,
"one_way_margin": 1.0,
"shape": SubResource( 62 ),
"shape_transform": Transform2D( 1, 0, 0, 1, 0, 0 )
}, {
"autotile_coord": Vector2( 8, 3 ),
"one_way": false,
"one_way_margin": 1.0,
"shape": SubResource( 63 ),
"shape_transform": Transform2D( 1, 0, 0, 1, 0, 0 )
}, {
"autotile_coord": Vector2( 8, 3 ),
"one_way": false,
"one_way_margin": 1.0,
"shape": SubResource( 64 ),
"shape_transform": Transform2D( 1, 0, 0, 1, 0, 0 )
}, {
"autotile_coord": Vector2( 9, 0 ),
"one_way": false,
"one_way_margin": 1.0,
"shape": SubResource( 65 ),
"shape_transform": Transform2D( 1, 0, 0, 1, 0, 0 )
}, {
"autotile_coord": Vector2( 9, 0 ),
"one_way": false,
"one_way_margin": 1.0,
"shape": SubResource( 66 ),
"shape_transform": Transform2D( 1, 0, 0, 1, 0, 0 )
}, {
"autotile_coord": Vector2( 9, 0 ),
"one_way": false,
"one_way_margin": 1.0,
"shape": SubResource( 67 ),
"shape_transform": Transform2D( 1, 0, 0, 1, 0, 0 )
}, {
"autotile_coord": Vector2( 9, 0 ),
"one_way": false,
"one_way_margin": 1.0,
"shape": SubResource( 68 ),
"shape_transform": Transform2D( 1, 0, 0, 1, 0, 0 )
}, {
"autotile_coord": Vector2( 9, 1 ),
"one_way": false,
"one_way_margin": 1.0,
"shape": SubResource( 69 ),
"shape_transform": Transform2D( 1, 0, 0, 1, 0, 0 )
}, {
"autotile_coord": Vector2( 9, 1 ),
"one_way": false,
"one_way_margin": 1.0,
"shape": SubResource( 70 ),
"shape_transform": Transform2D( 1, 0, 0, 1, 0, 0 )
}, {
"autotile_coord": Vector2( 9, 1 ),
"one_way": false,
"one_way_margin": 1.0,
"shape": SubResource( 71 ),
"shape_transform": Transform2D( 1, 0, 0, 1, 0, 0 )
}, {
"autotile_coord": Vector2( 9, 1 ),
"one_way": false,
"one_way_margin": 1.0,
"shape": SubResource( 72 ),
"shape_transform": Transform2D( 1, 0, 0, 1, 0, 0 )
}, {
"autotile_coord": Vector2( 9, 2 ),
"one_way": false,
"one_way_margin": 1.0,
"shape": SubResource( 73 ),
"shape_transform": Transform2D( 1, 0, 0, 1, 0, 0 )
}, {
"autotile_coord": Vector2( 9, 2 ),
"one_way": false,
"one_way_margin": 1.0,
"shape": SubResource( 74 ),
"shape_transform": Transform2D( 1, 0, 0, 1, 0, 0 )
}, {
"autotile_coord": Vector2( 9, 2 ),
"one_way": false,
"one_way_margin": 1.0,
"shape": SubResource( 75 ),
"shape_transform": Transform2D( 1, 0, 0, 1, 0, 0 )
}, {
"autotile_coord": Vector2( 9, 3 ),
"one_way": false,
"one_way_margin": 1.0,
"shape": SubResource( 76 ),
"shape_transform": Transform2D( 1, 0, 0, 1, 0, 0 )
}, {
"autotile_coord": Vector2( 9, 3 ),
"one_way": false,
"one_way_margin": 1.0,
"shape": SubResource( 77 ),
"shape_transform": Transform2D( 1, 0, 0, 1, 0, 0 )
}, {
"autotile_coord": Vector2( 9, 3 ),
"one_way": false,
"one_way_margin": 1.0,
"shape": SubResource( 78 ),
"shape_transform": Transform2D( 1, 0, 0, 1, 0, 0 )
}, {
"autotile_coord": Vector2( 9, 3 ),
"one_way": false,
"one_way_margin": 1.0,
"shape": SubResource( 79 ),
"shape_transform": Transform2D( 1, 0, 0, 1, 0, 0 )
}, {
"autotile_coord": Vector2( 10, 2 ),
"one_way": false,
"one_way_margin": 1.0,
"shape": SubResource( 80 ),
"shape_transform": Transform2D( 1, 0, 0, 1, 0, 0 )
}, {
"autotile_coord": Vector2( 10, 2 ),
"one_way": false,
"one_way_margin": 1.0,
"shape": SubResource( 81 ),
"shape_transform": Transform2D( 1, 0, 0, 1, 0, 0 )
}, {
"autotile_coord": Vector2( 10, 2 ),
"one_way": false,
"one_way_margin": 1.0,
"shape": SubResource( 82 ),
"shape_transform": Transform2D( 1, 0, 0, 1, 0, 0 )
}, {
"autotile_coord": Vector2( 10, 2 ),
"one_way": false,
"one_way_margin": 1.0,
"shape": SubResource( 83 ),
"shape_transform": Transform2D( 1, 0, 0, 1, 0, 0 )
}, {
"autotile_coord": Vector2( 10, 3 ),
"one_way": false,
"one_way_margin": 1.0,
"shape": SubResource( 84 ),
"shape_transform": Transform2D( 1, 0, 0, 1, 0, 0 )
}, {
"autotile_coord": Vector2( 10, 3 ),
"one_way": false,
"one_way_margin": 1.0,
"shape": SubResource( 85 ),
"shape_transform": Transform2D( 1, 0, 0, 1, 0, 0 )
}, {
"autotile_coord": Vector2( 10, 3 ),
"one_way": false,
"one_way_margin": 1.0,
"shape": SubResource( 86 ),
"shape_transform": Transform2D( 1, 0, 0, 1, 0, 0 )
}, {
"autotile_coord": Vector2( 10, 3 ),
"one_way": false,
"one_way_margin": 1.0,
"shape": SubResource( 87 ),
"shape_transform": Transform2D( 1, 0, 0, 1, 0, 0 )
}, {
"autotile_coord": Vector2( 13, 0 ),
"one_way": false,
"one_way_margin": 1.0,
"shape": SubResource( 88 ),
"shape_transform": Transform2D( 1, 0, 0, 1, 0, 0 )
}, {
"autotile_coord": Vector2( 14, 0 ),
"one_way": false,
"one_way_margin": 1.0,
"shape": SubResource( 89 ),
"shape_transform": Transform2D( 1, 0, 0, 1, 0, 0 )
}, {
"autotile_coord": Vector2( 14, 1 ),
"one_way": false,
"one_way_margin": 1.0,
"shape": SubResource( 90 ),
"shape_transform": Transform2D( 1, 0, 0, 1, 0, 0 )
}, {
"autotile_coord": Vector2( 12, 2 ),
"one_way": false,
"one_way_margin": 1.0,
"shape": SubResource( 91 ),
"shape_transform": Transform2D( 1, 0, 0, 1, 0, 0 )
}, {
"autotile_coord": Vector2( 12, 2 ),
"one_way": false,
"one_way_margin": 1.0,
"shape": SubResource( 92 ),
"shape_transform": Transform2D( 1, 0, 0, 1, 0, 0 )
}, {
"autotile_coord": Vector2( 12, 3 ),
"one_way": false,
"one_way_margin": 1.0,
"shape": SubResource( 93 ),
"shape_transform": Transform2D( 1, 0, 0, 1, 0, 0 )
}, {
"autotile_coord": Vector2( 12, 4 ),
"one_way": false,
"one_way_margin": 1.0,
"shape": SubResource( 94 ),
"shape_transform": Transform2D( 1, 0, 0, 1, 0, 0 )
}, {
"autotile_coord": Vector2( 12, 4 ),
"one_way": false,
"one_way_margin": 1.0,
"shape": SubResource( 95 ),
"shape_transform": Transform2D( 1, 0, 0, 1, 0, 0 )
}, {
"autotile_coord": Vector2( 13, 2 ),
"one_way": false,
"one_way_margin": 1.0,
"shape": SubResource( 96 ),
"shape_transform": Transform2D( 1, 0, 0, 1, 0, 0 )
}, {
"autotile_coord": Vector2( 14, 2 ),
"one_way": false,
"one_way_margin": 1.0,
"shape": SubResource( 97 ),
"shape_transform": Transform2D( 1, 0, 0, 1, 0, 0 )
}, {
"autotile_coord": Vector2( 14, 2 ),
"one_way": false,
"one_way_margin": 1.0,
"shape": SubResource( 98 ),
"shape_transform": Transform2D( 1, 0, 0, 1, 0, 0 )
}, {
"autotile_coord": Vector2( 14, 3 ),
"one_way": false,
"one_way_margin": 1.0,
"shape": SubResource( 99 ),
"shape_transform": Transform2D( 1, 0, 0, 1, 0, 0 )
}, {
"autotile_coord": Vector2( 14, 4 ),
"one_way": false,
"one_way_margin": 1.0,
"shape": SubResource( 100 ),
"shape_transform": Transform2D( 1, 0, 0, 1, 0, 0 )
}, {
"autotile_coord": Vector2( 14, 4 ),
"one_way": false,
"one_way_margin": 1.0,
"shape": SubResource( 101 ),
"shape_transform": Transform2D( 1, 0, 0, 1, 0, 0 )
}, {
"autotile_coord": Vector2( 13, 4 ),
"one_way": false,
"one_way_margin": 1.0,
"shape": SubResource( 102 ),
"shape_transform": Transform2D( 1, 0, 0, 1, 0, 0 )
} ]
6/z_index = 0
7/name = "GWJ BUBBLES tileset v0.8.png 7"
7/texture = ExtResource( 1 )
7/tex_offset = Vector2( 0, 0 )
7/modulate = Color( 1, 1, 1, 1 )
7/region = Rect2( 1300, 100, 100, 100 )
7/tile_mode = 2
7/autotile/icon_coordinate = Vector2( 0, 0 )
7/autotile/tile_size = Vector2( 100, 100 )
7/autotile/spacing = 0
7/autotile/occluder_map = [  ]
7/autotile/navpoly_map = [  ]
7/autotile/priority_map = [  ]
7/autotile/z_index_map = [  ]
7/occluder_offset = Vector2( 0, 0 )
7/navigation_offset = Vector2( 0, 0 )
7/shape_offset = Vector2( 0, 0 )
7/shape_transform = Transform2D( 1, 0, 0, 1, 0, 0 )
7/shape_one_way = false
7/shape_one_way_margin = 0.0
7/shapes = [  ]
7/z_index = 0
